[gd_scene load_steps=11 format=2]

[ext_resource path="res://screen/chat.gd" type="Script" id=1]
[ext_resource path="res://system/fonts/dialogue.tres" type="DynamicFont" id=2]
[ext_resource path="res://cinematics/actors/intro_undead_03.png" type="Texture" id=3]
[ext_resource path="res://cinematics/actors/intro_dwarf_03.png" type="Texture" id=4]
[ext_resource path="res://cinematics/actors/intro_elf_04.png" type="Texture" id=5]
[ext_resource path="res://dialog/npc/dummy_04_normal.png" type="Texture" id=6]
[ext_resource path="res://dialog/drafts/btnon.png" type="Texture" id=7]
[ext_resource path="res://dialog/drafts/btnoff.png" type="Texture" id=8]
[ext_resource path="res://temp/sys_gui_base_draft.png" type="Texture" id=9]
[ext_resource path="res://ui/fx/dialog_icon.tscn" type="PackedScene" id=10]

[node name="chat" type="Container"]
anchor_left = 0.0
anchor_top = 0.0
anchor_right = 0.0
anchor_bottom = 0.0
margin_left = -1.67017
margin_top = 1.67017
margin_right = 1022.33
margin_bottom = 601.67
rect_pivot_offset = Vector2( 0, 0 )
rect_clip_content = false
mouse_filter = 0
mouse_default_cursor_shape = 0
size_flags_horizontal = 1
size_flags_vertical = 1
script = ExtResource( 1 )
_sections_unfolded = [ "Focus" ]

[node name="Panel" type="Panel" parent="." index="0"]
visible = false
anchor_left = 0.0
anchor_top = 0.0
anchor_right = 0.0
anchor_bottom = 0.0
margin_left = 215.0
margin_top = 61.0
margin_right = 255.0
margin_bottom = 101.0
rect_pivot_offset = Vector2( 0, 0 )
rect_clip_content = false
mouse_filter = 0
mouse_default_cursor_shape = 0
size_flags_horizontal = 1
size_flags_vertical = 1

[node name="Panel2" type="Panel" parent="." index="1"]
visible = false
anchor_left = 0.0
anchor_top = 0.0
anchor_right = 0.0
anchor_bottom = 0.0
margin_left = 632.554
margin_top = 156.641
margin_right = 672.554
margin_bottom = 196.641
rect_pivot_offset = Vector2( 0, 0 )
rect_clip_content = false
mouse_filter = 0
mouse_default_cursor_shape = 0
size_flags_horizontal = 1
size_flags_vertical = 1

[node name="Panel3" type="Panel" parent="." index="2"]
visible = false
anchor_left = 0.0
anchor_top = 0.0
anchor_right = 0.0
anchor_bottom = 0.0
margin_left = 194.618
margin_top = 326.287
margin_right = 234.618
margin_bottom = 366.287
rect_pivot_offset = Vector2( 0, 0 )
rect_clip_content = false
mouse_filter = 0
mouse_default_cursor_shape = 0
size_flags_horizontal = 1
size_flags_vertical = 1

[node name="Panel4" type="Panel" parent="." index="3"]
visible = false
anchor_left = 0.0
anchor_top = 0.0
anchor_right = 0.0
anchor_bottom = 0.0
margin_left = 597.557
margin_top = 405.312
margin_right = 637.557
margin_bottom = 445.312
rect_pivot_offset = Vector2( 0, 0 )
rect_clip_content = false
mouse_filter = 0
mouse_default_cursor_shape = 0
size_flags_horizontal = 1
size_flags_vertical = 1

[node name="name" type="Label" parent="." index="4"]
anchor_left = 0.0
anchor_top = 0.0
anchor_right = 0.0
anchor_bottom = 0.0
margin_left = 845.0
margin_top = 257.0
margin_right = 1015.0
margin_bottom = 278.0
grow_horizontal = 2
grow_vertical = 2
rect_min_size = Vector2( 170, 0 )
rect_pivot_offset = Vector2( 0, 0 )
rect_clip_content = false
mouse_filter = 2
mouse_default_cursor_shape = 0
size_flags_horizontal = 1
size_flags_vertical = 4
custom_fonts/font = ExtResource( 2 )
custom_colors/font_color = Color( 1, 1, 1, 1 )
custom_colors/font_outline_modulate = Color( 0, 0, 0, 1 )
custom_colors/font_color_shadow = Color( 0, 0, 0, 1 )
custom_constants/shadow_as_outline = 1
text = "Villager"
align = 1
autowrap = true
percent_visible = 1.0
lines_skipped = 0
max_lines_visible = -1
_sections_unfolded = [ "Custom Fonts", "Custom Styles", "Margin", "Rect" ]

[node name="dex-sprite" type="Sprite" parent="." index="5"]
position = Vector2( 702, 560 )
texture = ExtResource( 3 )
offset = Vector2( -416, -51.696 )
region_rect = Rect2( 490, 0, 0, 100 )
_sections_unfolded = [ "Transform", "Z Index" ]

[node name="str-sprite" type="Sprite" parent="." index="6"]
position = Vector2( 832, 560 )
texture = ExtResource( 4 )
offset = Vector2( -416, -51.696 )
region_rect = Rect2( 490, 0, 0, 100 )
_sections_unfolded = [ "Transform" ]

[node name="int-sprite" type="Sprite" parent="." index="7"]
position = Vector2( 556.301, 560 )
texture = ExtResource( 5 )
offset = Vector2( -416, -51.696 )
region_rect = Rect2( 490, 0, 0, 100 )
_sections_unfolded = [ "Transform" ]

[node name="npc-sprite" type="Sprite" parent="." index="8"]
position = Vector2( 1189.44, 562.518 )
texture = ExtResource( 6 )
offset = Vector2( -416, -51.696 )
region_rect = Rect2( 490, 0, 0, 100 )
_sections_unfolded = [ "Transform" ]

[node name="deceit" type="TextureButton" parent="." index="9"]
editor/display_folded = true
anchor_left = 0.0
anchor_top = 0.0
anchor_right = 0.0
anchor_bottom = 0.0
margin_left = -10.2531
margin_top = 43.5518
margin_right = 189.747
margin_bottom = 111.552
rect_pivot_offset = Vector2( 0, 0 )
rect_clip_content = false
focus_mode = 2
mouse_filter = 0
mouse_default_cursor_shape = 0
size_flags_horizontal = 1
size_flags_vertical = 1
toggle_mode = false
enabled_focus_mode = 2
shortcut = null
group = null
texture_normal = ExtResource( 7 )
texture_disabled = ExtResource( 8 )
texture_focused = ExtResource( 9 )
_sections_unfolded = [ "Textures" ]

[node name="label" type="Label" parent="deceit" index="0"]
anchor_left = 0.0
anchor_top = 0.0
anchor_right = 0.0
anchor_bottom = 0.0
margin_left = 77.3781
margin_top = 30.9512
margin_right = 117.378
margin_bottom = 44.9512
rect_pivot_offset = Vector2( 0, 0 )
rect_clip_content = false
mouse_filter = 2
mouse_default_cursor_shape = 0
size_flags_horizontal = 1
size_flags_vertical = 4
text = "deceit"
percent_visible = 1.0
lines_skipped = 0
max_lines_visible = -1

[node name="comply" type="TextureButton" parent="." index="10"]
editor/display_folded = true
anchor_left = 0.0
anchor_top = 0.0
anchor_right = 0.0
anchor_bottom = 0.0
margin_left = -3.25305
margin_top = 123.851
margin_right = 196.747
margin_bottom = 191.851
rect_pivot_offset = Vector2( 0, 0 )
rect_clip_content = false
focus_mode = 2
mouse_filter = 0
mouse_default_cursor_shape = 0
size_flags_horizontal = 1
size_flags_vertical = 1
toggle_mode = false
enabled_focus_mode = 2
shortcut = null
group = null
texture_normal = ExtResource( 7 )
texture_disabled = ExtResource( 8 )
_sections_unfolded = [ "Textures" ]

[node name="label" type="Label" parent="comply" index="0"]
anchor_left = 0.0
anchor_top = 0.0
anchor_right = 0.0
anchor_bottom = 0.0
margin_left = 77.3781
margin_top = 30.9512
margin_right = 117.378
margin_bottom = 44.9512
rect_pivot_offset = Vector2( 0, 0 )
rect_clip_content = false
mouse_filter = 2
mouse_default_cursor_shape = 0
size_flags_horizontal = 1
size_flags_vertical = 4
text = "comply"
percent_visible = 1.0
lines_skipped = 0
max_lines_visible = -1

[node name="fright" type="TextureButton" parent="." index="11"]
editor/display_folded = true
anchor_left = 0.0
anchor_top = 0.0
anchor_right = 0.0
anchor_bottom = 0.0
margin_left = 160.39
margin_top = 41.5518
margin_right = 360.39
margin_bottom = 109.552
rect_pivot_offset = Vector2( 0, 0 )
rect_clip_content = false
focus_mode = 2
mouse_filter = 0
mouse_default_cursor_shape = 0
size_flags_horizontal = 1
size_flags_vertical = 1
toggle_mode = false
enabled_focus_mode = 2
shortcut = null
group = null
texture_normal = ExtResource( 7 )
texture_disabled = ExtResource( 8 )
_sections_unfolded = [ "Textures" ]

[node name="label" type="Label" parent="fright" index="0"]
anchor_left = 0.0
anchor_top = 0.0
anchor_right = 0.0
anchor_bottom = 0.0
margin_left = 77.3781
margin_top = 30.9512
margin_right = 117.378
margin_bottom = 44.9512
rect_pivot_offset = Vector2( 0, 0 )
rect_clip_content = false
mouse_filter = 2
mouse_default_cursor_shape = 0
size_flags_horizontal = 1
size_flags_vertical = 4
text = "fright"
percent_visible = 1.0
lines_skipped = 0
max_lines_visible = -1

[node name="awe" type="TextureButton" parent="." index="12"]
editor/display_folded = true
anchor_left = 0.0
anchor_top = 0.0
anchor_right = 0.0
anchor_bottom = 0.0
margin_left = 172.643
margin_top = 114.701
margin_right = 372.643
margin_bottom = 182.701
rect_pivot_offset = Vector2( 0, 0 )
rect_clip_content = false
focus_mode = 2
mouse_filter = 0
mouse_default_cursor_shape = 0
size_flags_horizontal = 1
size_flags_vertical = 1
toggle_mode = false
enabled_focus_mode = 2
shortcut = null
group = null
texture_normal = ExtResource( 7 )
texture_disabled = ExtResource( 8 )
_sections_unfolded = [ "Textures" ]

[node name="label" type="Label" parent="awe" index="0"]
anchor_left = 0.0
anchor_top = 0.0
anchor_right = 0.0
anchor_bottom = 0.0
margin_left = 75.1494
margin_top = 30.0
margin_right = 115.149
margin_bottom = 44.0
rect_pivot_offset = Vector2( 0, 0 )
rect_clip_content = false
mouse_filter = 2
mouse_default_cursor_shape = 0
size_flags_horizontal = 1
size_flags_vertical = 4
text = "awe"
percent_visible = 1.0
lines_skipped = 0
max_lines_visible = -1

[node name="daunt" type="TextureButton" parent="." index="13"]
editor/display_folded = true
anchor_left = 0.0
anchor_top = 0.0
anchor_right = 0.0
anchor_bottom = 0.0
margin_left = 337.838
margin_top = 68.8506
margin_right = 537.838
margin_bottom = 136.851
rect_pivot_offset = Vector2( 0, 0 )
rect_clip_content = false
focus_mode = 2
mouse_filter = 0
mouse_default_cursor_shape = 0
size_flags_horizontal = 1
size_flags_vertical = 1
toggle_mode = false
enabled_focus_mode = 2
shortcut = null
group = null
texture_normal = ExtResource( 7 )
texture_disabled = ExtResource( 8 )
_sections_unfolded = [ "Textures" ]

[node name="label" type="Label" parent="daunt" index="0"]
anchor_left = 0.0
anchor_top = 0.0
anchor_right = 0.0
anchor_bottom = 0.0
margin_left = 77.3781
margin_top = 30.9512
margin_right = 117.378
margin_bottom = 44.9512
rect_pivot_offset = Vector2( 0, 0 )
rect_clip_content = false
mouse_filter = 2
mouse_default_cursor_shape = 0
size_flags_horizontal = 1
size_flags_vertical = 4
text = "daunt"
percent_visible = 1.0
lines_skipped = 0
max_lines_visible = -1

[node name="brace" type="TextureButton" parent="." index="14"]
editor/display_folded = true
anchor_left = 0.0
anchor_top = 0.0
anchor_right = 0.0
anchor_bottom = 0.0
margin_left = 333.436
margin_top = 153.402
margin_right = 533.436
margin_bottom = 221.402
rect_pivot_offset = Vector2( 0, 0 )
rect_clip_content = false
focus_mode = 2
mouse_filter = 0
mouse_default_cursor_shape = 0
size_flags_horizontal = 1
size_flags_vertical = 1
toggle_mode = false
enabled_focus_mode = 2
shortcut = null
group = null
texture_normal = ExtResource( 7 )
texture_disabled = ExtResource( 8 )
_sections_unfolded = [ "Textures" ]

[node name="label" type="Label" parent="brace" index="0"]
anchor_left = 0.0
anchor_top = 0.0
anchor_right = 0.0
anchor_bottom = 0.0
margin_left = 77.3781
margin_top = 30.9512
margin_right = 117.378
margin_bottom = 44.9512
rect_pivot_offset = Vector2( 0, 0 )
rect_clip_content = false
mouse_filter = 2
mouse_default_cursor_shape = 0
size_flags_horizontal = 1
size_flags_vertical = 4
text = "brace"
percent_visible = 1.0
lines_skipped = 0
max_lines_visible = -1

[node name="goodbye" type="TextureButton" parent="." index="15"]
editor/display_folded = true
anchor_left = 0.0
anchor_top = 0.0
anchor_right = 0.0
anchor_bottom = 0.0
margin_left = 338.54
margin_top = 229.454
margin_right = 538.54
margin_bottom = 297.454
rect_pivot_offset = Vector2( 0, 0 )
rect_clip_content = false
focus_mode = 2
mouse_filter = 0
mouse_default_cursor_shape = 0
size_flags_horizontal = 1
size_flags_vertical = 1
toggle_mode = false
enabled_focus_mode = 2
shortcut = null
group = null
texture_normal = ExtResource( 7 )
texture_disabled = ExtResource( 8 )
_sections_unfolded = [ "Textures" ]

[node name="label" type="Label" parent="goodbye" index="0"]
anchor_left = 0.0
anchor_top = 0.0
anchor_right = 0.0
anchor_bottom = 0.0
margin_left = 77.3781
margin_top = 30.9512
margin_right = 117.378
margin_bottom = 44.9512
rect_pivot_offset = Vector2( 0, 0 )
rect_clip_content = false
mouse_filter = 2
mouse_default_cursor_shape = 0
size_flags_horizontal = 1
size_flags_vertical = 4
text = "goodbye"
percent_visible = 1.0
lines_skipped = 0
max_lines_visible = -1

[node name="reply" type="ScrollContainer" parent="." index="16"]
anchor_left = 0.0
anchor_top = 0.0
anchor_right = 0.0
anchor_bottom = 0.0
margin_left = 527.0
margin_top = 10.0
margin_right = 1007.0
margin_bottom = 240.0
rect_min_size = Vector2( 480, 230 )
rect_pivot_offset = Vector2( 0, 0 )
rect_clip_content = true
mouse_filter = 0
mouse_default_cursor_shape = 0
size_flags_horizontal = 1
size_flags_vertical = 1
scroll_horizontal_enabled = false
scroll_horizontal = 0
scroll_vertical_enabled = true
scroll_vertical = 0
scroll_deadzone = 0
_sections_unfolded = [ "Grow Direction", "Rect" ]

[node name="speech" type="Label" parent="reply" index="0"]
anchor_left = 0.0
anchor_top = 0.0
anchor_right = 0.0
anchor_bottom = 0.0
margin_right = 480.0
margin_bottom = 357.0
grow_horizontal = 2
grow_vertical = 2
rect_min_size = Vector2( 480, 0 )
rect_pivot_offset = Vector2( 0, 0 )
rect_clip_content = false
mouse_filter = 2
mouse_default_cursor_shape = 0
size_flags_horizontal = 1
size_flags_vertical = 4
custom_fonts/font = ExtResource( 2 )
custom_colors/font_color = Color( 1, 1, 1, 1 )
custom_colors/font_outline_modulate = Color( 0, 0, 0, 1 )
custom_colors/font_color_shadow = Color( 0, 0, 0, 1 )
custom_constants/shadow_as_outline = 1
text = "Lorem ipsum dolor sit amet, consectetur adipiscing elit, sed do eiusmod tempor incididunt ut labore et dolore magna aliqua. Nibh sit amet commodo nulla facilisi nullam. Lectus arcu bibendum at varius vel pharetra. Sodales ut eu sem integer. Adipiscing diam donec adipiscing tristique risus. Eu scelerisque felis imperdiet proin fermentum. Aliquet risus feugiat in ante metus. Netus et malesuada fames ac turpis egestas. Convallis aenean et tortor at. Commodo odio aenean sed adipiscing diam donec adipiscing. Turpis massa tincidunt dui ut. Consectetur adipiscing elit pellentesque habitant. Augue lacus viverra vitae congue eu consequat. Amet consectetur adipiscing elit duis. Id velit ut tortor pretium viverra suspendisse potenti. Quis imperdiet massa tincidunt nunc pulvinar sapien et. Nec nam aliquam sem et tortor consequat. Feugiat vivamus at augue eget arcu dictum varius. Mi bibendum neque egestas congue quisque egestas diam in arcu."
autowrap = true
percent_visible = 1.0
lines_skipped = 0
max_lines_visible = -1
_sections_unfolded = [ "Custom Fonts", "Grow Direction", "Margin", "Rect" ]

[node name="Label" type="Label" parent="." index="17"]
anchor_left = 0.0
anchor_top = 0.0
anchor_right = 0.0
anchor_bottom = 0.0
margin_left = 45.6001
margin_top = 218.5
margin_right = 525.6
margin_bottom = 420.5
grow_horizontal = 2
grow_vertical = 2
rect_min_size = Vector2( 480, 0 )
rect_pivot_offset = Vector2( 0, 0 )
rect_clip_content = false
mouse_filter = 2
mouse_default_cursor_shape = 0
size_flags_horizontal = 1
size_flags_vertical = 4
custom_fonts/font = ExtResource( 2 )
custom_colors/font_color = Color( 1, 1, 1, 1 )
custom_colors/font_outline_modulate = Color( 0, 0, 0, 1 )
custom_colors/font_color_shadow = Color( 0, 0, 0, 1 )
custom_constants/shadow_as_outline = 1
text = "test"
autowrap = true
percent_visible = 1.0
lines_skipped = 0
max_lines_visible = -1

[node name="icon" parent="." index="18" instance=ExtResource( 10 )]
position = Vector2( 617.089, 443.038 )

[connection signal="pressed" from="deceit" to="." method="_on_deceit_pressed"]
[connection signal="pressed" from="comply" to="." method="_on_comply_pressed"]
[connection signal="pressed" from="fright" to="." method="_on_fright_pressed"]
[connection signal="pressed" from="awe" to="." method="_on_awe_pressed"]
[connection signal="pressed" from="daunt" to="." method="_on_daunt_pressed"]
[connection signal="pressed" from="brace" to="." method="_on_brace_pressed"]
[connection signal="pressed" from="goodbye" to="." method="_on_goodbye_pressed"]
